@book{FYS3150-forelesningsnotater,
author={Morthen Hjorth-Jensen},
title={Computation Physics lecture notes},
urldate = {2015-10-02}
url = {https://github.com/CompPhysics/ComputationalPhysics1/tree/master/doc/Lectures}
}