@book{Lecture-notes,
author={Morthen Hjorth-Jensen},
title={Computation Physics lecture notes},
urldate = {2015-10-02},
url = {https://github.com/CompPhysics/ComputationalPhysics1/tree/master/doc/Lectures}
}

@online{github-repo,
author={Lyder Rumohr Blingsmo and Bendik Samseth},
note={Github-repo},
url={https://github.com/bsamseth/fys3150}
}

@online{laguerre-poly-wiki,
author={Wikipedia},
title={Laguerre polynomials},
urldate={2015-10-20},
url={https://en.wikipedia.org/wiki/Laguerre_polynomials}
}

@online{legendre-poly-wiki,
author={Wikipedia},
title={Legendre polynomials},
urldate={2015-10-20},
url={https://en.wikipedia.org/wiki/Laguerre_polynomials}
}
